%YAML 1.1
%TAG !u! tag:unity3d.com,2011:
--- !u!1001 &2829731582743940143
PrefabInstance:
  m_ObjectHideFlags: 0
  serializedVersion: 2
  m_Modification:
    serializedVersion: 3
    m_TransformParent: {fileID: 4733636295982596799}
    m_Modifications:
    - target: {fileID: -8679921383154817045, guid: 7fe8a9b240a0b0f4396727fad34b6c9b, type: 3}
      propertyPath: m_LocalScale.x
      value: 0.00050988747
      objectReference: {fileID: 0}
    - target: {fileID: -8679921383154817045, guid: 7fe8a9b240a0b0f4396727fad34b6c9b, type: 3}
      propertyPath: m_LocalScale.y
      value: 0.03699699
      objectReference: {fileID: 0}
    - target: {fileID: -8679921383154817045, guid: 7fe8a9b240a0b0f4396727fad34b6c9b, type: 3}
      propertyPath: m_LocalScale.z
      value: 0.0005744206
      objectReference: {fileID: 0}
    - target: {fileID: -8679921383154817045, guid: 7fe8a9b240a0b0f4396727fad34b6c9b, type: 3}
      propertyPath: m_LocalPosition.x
      value: -0.00006677315
      objectReference: {fileID: 0}
    - target: {fileID: -8679921383154817045, guid: 7fe8a9b240a0b0f4396727fad34b6c9b, type: 3}
      propertyPath: m_LocalPosition.y
      value: -0.006751999
      objectReference: {fileID: 0}
    - target: {fileID: -8679921383154817045, guid: 7fe8a9b240a0b0f4396727fad34b6c9b, type: 3}
      propertyPath: m_LocalPosition.z
      value: -0.012077221
      objectReference: {fileID: 0}
    - target: {fileID: -8679921383154817045, guid: 7fe8a9b240a0b0f4396727fad34b6c9b, type: 3}
      propertyPath: m_LocalRotation.w
      value: 0.7071067
      objectReference: {fileID: 0}
    - target: {fileID: -8679921383154817045, guid: 7fe8a9b240a0b0f4396727fad34b6c9b, type: 3}
      propertyPath: m_LocalRotation.x
      value: 0.7071068
      objectReference: {fileID: 0}
    - target: {fileID: -8679921383154817045, guid: 7fe8a9b240a0b0f4396727fad34b6c9b, type: 3}
      propertyPath: m_LocalRotation.y
      value: -0
      objectReference: {fileID: 0}
    - target: {fileID: -8679921383154817045, guid: 7fe8a9b240a0b0f4396727fad34b6c9b, type: 3}
      propertyPath: m_LocalRotation.z
      value: 0
      objectReference: {fileID: 0}
    - target: {fileID: -8679921383154817045, guid: 7fe8a9b240a0b0f4396727fad34b6c9b, type: 3}
      propertyPath: m_LocalEulerAnglesHint.x
      value: 0
      objectReference: {fileID: 0}
    - target: {fileID: -8679921383154817045, guid: 7fe8a9b240a0b0f4396727fad34b6c9b, type: 3}
      propertyPath: m_LocalEulerAnglesHint.y
      value: 0
      objectReference: {fileID: 0}
    - target: {fileID: -8679921383154817045, guid: 7fe8a9b240a0b0f4396727fad34b6c9b, type: 3}
      propertyPath: m_LocalEulerAnglesHint.z
      value: 0
      objectReference: {fileID: 0}
    - target: {fileID: -8270587453467699682, guid: 7fe8a9b240a0b0f4396727fad34b6c9b, type: 3}
      propertyPath: m_Materials.Array.data[0]
      value: 
      objectReference: {fileID: 2100000, guid: 5be56a64c3c6c434eb746320e06a27ac, type: 2}
    - target: {fileID: -8236076569268209247, guid: 7fe8a9b240a0b0f4396727fad34b6c9b, type: 3}
      propertyPath: m_StaticEditorFlags
      value: 0
      objectReference: {fileID: 0}
    - target: {fileID: -4017538329432051458, guid: 7fe8a9b240a0b0f4396727fad34b6c9b, type: 3}
      propertyPath: m_Materials.Array.data[0]
      value: 
      objectReference: {fileID: 2100000, guid: 5be56a64c3c6c434eb746320e06a27ac, type: 2}
    - target: {fileID: -2925613623662412431, guid: 7fe8a9b240a0b0f4396727fad34b6c9b, type: 3}
      propertyPath: m_Materials.Array.data[0]
      value: 
      objectReference: {fileID: 2100000, guid: 5be56a64c3c6c434eb746320e06a27ac, type: 2}
    - target: {fileID: -1064400483832117687, guid: 7fe8a9b240a0b0f4396727fad34b6c9b, type: 3}
      propertyPath: m_Materials.Array.data[0]
      value: 
      objectReference: {fileID: 2100000, guid: 5be56a64c3c6c434eb746320e06a27ac, type: 2}
    - target: {fileID: -257705307841463444, guid: 7fe8a9b240a0b0f4396727fad34b6c9b, type: 3}
      propertyPath: m_StaticEditorFlags
      value: 0
      objectReference: {fileID: 0}
    - target: {fileID: 495362372164732792, guid: 7fe8a9b240a0b0f4396727fad34b6c9b, type: 3}
      propertyPath: m_StaticEditorFlags
      value: 0
      objectReference: {fileID: 0}
    - target: {fileID: 505829063548239086, guid: 7fe8a9b240a0b0f4396727fad34b6c9b, type: 3}
      propertyPath: m_Materials.Array.data[0]
      value: 
      objectReference: {fileID: 2100000, guid: d353000128b08f043bdec7830acdb165, type: 2}
    - target: {fileID: 919132149155446097, guid: 7fe8a9b240a0b0f4396727fad34b6c9b, type: 3}
      propertyPath: m_Name
      value: ruda
      objectReference: {fileID: 0}
    - target: {fileID: 4383353755243004527, guid: 7fe8a9b240a0b0f4396727fad34b6c9b, type: 3}
      propertyPath: m_StaticEditorFlags
      value: 0
      objectReference: {fileID: 0}
    - target: {fileID: 7496195364316166997, guid: 7fe8a9b240a0b0f4396727fad34b6c9b, type: 3}
      propertyPath: m_Materials.Array.data[0]
      value: 
      objectReference: {fileID: 2100000, guid: 5be56a64c3c6c434eb746320e06a27ac, type: 2}
    - target: {fileID: 8907369562462073684, guid: 7fe8a9b240a0b0f4396727fad34b6c9b, type: 3}
      propertyPath: m_StaticEditorFlags
      value: 0
      objectReference: {fileID: 0}
    m_RemovedComponents: []
    m_RemovedGameObjects: []
    m_AddedGameObjects: []
    m_AddedComponents:
    - targetCorrespondingSourceObject: {fileID: 919132149155446097, guid: 7fe8a9b240a0b0f4396727fad34b6c9b, type: 3}
      insertIndex: -1
      addedObject: {fileID: 3322621031244553269}
    - targetCorrespondingSourceObject: {fileID: 919132149155446097, guid: 7fe8a9b240a0b0f4396727fad34b6c9b, type: 3}
      insertIndex: -1
      addedObject: {fileID: 3904792466413041356}
  m_SourcePrefab: {fileID: 100100000, guid: 7fe8a9b240a0b0f4396727fad34b6c9b, type: 3}
--- !u!4 &2364249740009630660 stripped
Transform:
  m_CorrespondingSourceObject: {fileID: -8679921383154817045, guid: 7fe8a9b240a0b0f4396727fad34b6c9b, type: 3}
  m_PrefabInstance: {fileID: 2829731582743940143}
  m_PrefabAsset: {fileID: 0}
--- !u!1 &3135719408235000190 stripped
GameObject:
  m_CorrespondingSourceObject: {fileID: 919132149155446097, guid: 7fe8a9b240a0b0f4396727fad34b6c9b, type: 3}
  m_PrefabInstance: {fileID: 2829731582743940143}
  m_PrefabAsset: {fileID: 0}
--- !u!65 &3322621031244553269
BoxCollider:
  m_ObjectHideFlags: 0
  m_CorrespondingSourceObject: {fileID: 0}
  m_PrefabInstance: {fileID: 0}
  m_PrefabAsset: {fileID: 0}
  m_GameObject: {fileID: 3135719408235000190}
  m_Material: {fileID: 0}
  m_IncludeLayers:
    serializedVersion: 2
    m_Bits: 0
  m_ExcludeLayers:
    serializedVersion: 2
    m_Bits: 0
  m_LayerOverridePriority: 0
  m_IsTrigger: 0
  m_ProvidesContacts: 0
  m_Enabled: 1
  serializedVersion: 3
  m_Size: {x: 5.61, y: 3.43, z: 4.82}
  m_Center: {x: 0, y: 1.82, z: 0}
--- !u!114 &3904792466413041356
MonoBehaviour:
  m_ObjectHideFlags: 0
  m_CorrespondingSourceObject: {fileID: 0}
  m_PrefabInstance: {fileID: 0}
  m_PrefabAsset: {fileID: 0}
  m_GameObject: {fileID: 3135719408235000190}
  m_Enabled: 1
  m_EditorHideFlags: 0
  m_Script: {fileID: 11500000, guid: e7ad0021310ade14a89c8687a1431885, type: 3}
  m_Name: 
  m_EditorClassIdentifier: 
  metal: {fileID: 8073914905887189920, guid: ca45c85620dd83a4f8dd747e2b0e7327, type: 3}
--- !u!1001 &5060911684115047764
PrefabInstance:
  m_ObjectHideFlags: 0
  serializedVersion: 2
  m_Modification:
    serializedVersion: 3
    m_TransformParent: {fileID: 0}
    m_Modifications:
    - target: {fileID: -8679921383154817045, guid: 9fd1e4b60f2ad0b4391a1561f1867e59, type: 3}
      propertyPath: m_LocalScale.x
      value: 1042.4653
      objectReference: {fileID: 0}
    - target: {fileID: -8679921383154817045, guid: 9fd1e4b60f2ad0b4391a1561f1867e59, type: 3}
      propertyPath: m_LocalScale.y
      value: 925.34985
      objectReference: {fileID: 0}
    - target: {fileID: -8679921383154817045, guid: 9fd1e4b60f2ad0b4391a1561f1867e59, type: 3}
      propertyPath: m_LocalScale.z
      value: 14.367115
      objectReference: {fileID: 0}
    - target: {fileID: -8679921383154817045, guid: 9fd1e4b60f2ad0b4391a1561f1867e59, type: 3}
      propertyPath: m_LocalPosition.x
      value: 12.65938
      objectReference: {fileID: 0}
    - target: {fileID: -8679921383154817045, guid: 9fd1e4b60f2ad0b4391a1561f1867e59, type: 3}
      propertyPath: m_LocalPosition.y
      value: 0
      objectReference: {fileID: 0}
    - target: {fileID: -8679921383154817045, guid: 9fd1e4b60f2ad0b4391a1561f1867e59, type: 3}
      propertyPath: m_LocalPosition.z
      value: 0.5080385
      objectReference: {fileID: 0}
    - target: {fileID: -8679921383154817045, guid: 9fd1e4b60f2ad0b4391a1561f1867e59, type: 3}
      propertyPath: m_LocalRotation.w
      value: 0.7071071
      objectReference: {fileID: 0}
    - target: {fileID: -8679921383154817045, guid: 9fd1e4b60f2ad0b4391a1561f1867e59, type: 3}
      propertyPath: m_LocalRotation.x
      value: -0.7071065
      objectReference: {fileID: 0}
    - target: {fileID: -8679921383154817045, guid: 9fd1e4b60f2ad0b4391a1561f1867e59, type: 3}
      propertyPath: m_LocalRotation.y
      value: -0
      objectReference: {fileID: 0}
    - target: {fileID: -8679921383154817045, guid: 9fd1e4b60f2ad0b4391a1561f1867e59, type: 3}
      propertyPath: m_LocalRotation.z
      value: -0
      objectReference: {fileID: 0}
    - target: {fileID: -8679921383154817045, guid: 9fd1e4b60f2ad0b4391a1561f1867e59, type: 3}
      propertyPath: m_LocalEulerAnglesHint.x
      value: -90
      objectReference: {fileID: 0}
    - target: {fileID: -8679921383154817045, guid: 9fd1e4b60f2ad0b4391a1561f1867e59, type: 3}
      propertyPath: m_LocalEulerAnglesHint.y
      value: 0
      objectReference: {fileID: 0}
    - target: {fileID: -8679921383154817045, guid: 9fd1e4b60f2ad0b4391a1561f1867e59, type: 3}
      propertyPath: m_LocalEulerAnglesHint.z
      value: 0
      objectReference: {fileID: 0}
    - target: {fileID: -7511558181221131132, guid: 9fd1e4b60f2ad0b4391a1561f1867e59, type: 3}
      propertyPath: m_Materials.Array.size
      value: 2
      objectReference: {fileID: 0}
    - target: {fileID: -7511558181221131132, guid: 9fd1e4b60f2ad0b4391a1561f1867e59, type: 3}
      propertyPath: m_Materials.Array.data[0]
      value: 
      objectReference: {fileID: 2100000, guid: 4cc6faa5da68f3c41b00285c704d3e06, type: 2}
    - target: {fileID: -7511558181221131132, guid: 9fd1e4b60f2ad0b4391a1561f1867e59, type: 3}
      propertyPath: m_Materials.Array.data[1]
      value: 
      objectReference: {fileID: 2100000, guid: 417e639b66cd3a24e9c5312be99ce3bd, type: 2}
    - target: {fileID: 919132149155446097, guid: 9fd1e4b60f2ad0b4391a1561f1867e59, type: 3}
      propertyPath: m_Name
      value: ironIsland
      objectReference: {fileID: 0}
    m_RemovedComponents: []
    m_RemovedGameObjects: []
    m_AddedGameObjects:
    - targetCorrespondingSourceObject: {fileID: -8679921383154817045, guid: 9fd1e4b60f2ad0b4391a1561f1867e59, type: 3}
      insertIndex: -1
      addedObject: {fileID: 2364249740009630660}
    - targetCorrespondingSourceObject: {fileID: -8679921383154817045, guid: 9fd1e4b60f2ad0b4391a1561f1867e59, type: 3}
      insertIndex: -1
      addedObject: {fileID: 6431787825113885549}
    - targetCorrespondingSourceObject: {fileID: -8679921383154817045, guid: 9fd1e4b60f2ad0b4391a1561f1867e59, type: 3}
      insertIndex: -1
      addedObject: {fileID: 6713464821940153398}
    m_AddedComponents:
    - targetCorrespondingSourceObject: {fileID: 919132149155446097, guid: 9fd1e4b60f2ad0b4391a1561f1867e59, type: 3}
      insertIndex: -1
      addedObject: {fileID: 7944837705922805481}
    - targetCorrespondingSourceObject: {fileID: 919132149155446097, guid: 9fd1e4b60f2ad0b4391a1561f1867e59, type: 3}
      insertIndex: -1
      addedObject: {fileID: 8045671053920742636}
  m_SourcePrefab: {fileID: 100100000, guid: 9fd1e4b60f2ad0b4391a1561f1867e59, type: 3}
--- !u!4 &4733636295982596799 stripped
Transform:
  m_CorrespondingSourceObject: {fileID: -8679921383154817045, guid: 9fd1e4b60f2ad0b4391a1561f1867e59, type: 3}
  m_PrefabInstance: {fileID: 5060911684115047764}
  m_PrefabAsset: {fileID: 0}
--- !u!1 &5402790737882388485 stripped
GameObject:
  m_CorrespondingSourceObject: {fileID: 919132149155446097, guid: 9fd1e4b60f2ad0b4391a1561f1867e59, type: 3}
  m_PrefabInstance: {fileID: 5060911684115047764}
  m_PrefabAsset: {fileID: 0}
--- !u!64 &7944837705922805481
MeshCollider:
  m_ObjectHideFlags: 0
  m_CorrespondingSourceObject: {fileID: 0}
  m_PrefabInstance: {fileID: 0}
  m_PrefabAsset: {fileID: 0}
  m_GameObject: {fileID: 5402790737882388485}
  m_Material: {fileID: 0}
  m_IncludeLayers:
    serializedVersion: 2
    m_Bits: 0
  m_ExcludeLayers:
    serializedVersion: 2
    m_Bits: 0
  m_LayerOverridePriority: 0
  m_IsTrigger: 0
  m_ProvidesContacts: 0
  m_Enabled: 1
  serializedVersion: 5
  m_Convex: 1
  m_CookingOptions: 30
  m_Mesh: {fileID: -9111446733670104075, guid: 9fd1e4b60f2ad0b4391a1561f1867e59, type: 3}
--- !u!114 &8045671053920742636
MonoBehaviour:
  m_ObjectHideFlags: 0
  m_CorrespondingSourceObject: {fileID: 0}
  m_PrefabInstance: {fileID: 0}
  m_PrefabAsset: {fileID: 0}
  m_GameObject: {fileID: 5402790737882388485}
  m_Enabled: 1
  m_EditorHideFlags: 0
  m_Script: {fileID: 11500000, guid: 84a4f15a3179f1d4993aded11f4d0232, type: 3}
  m_Name: 
  m_EditorClassIdentifier: 
  locked: 0
  markerActive: 1
--- !u!1001 &6530709648019786717
PrefabInstance:
  m_ObjectHideFlags: 0
  serializedVersion: 2
  m_Modification:
    serializedVersion: 3
    m_TransformParent: {fileID: 4733636295982596799}
    m_Modifications:
    - target: {fileID: -8679921383154817045, guid: 7fe8a9b240a0b0f4396727fad34b6c9b, type: 3}
      propertyPath: m_LocalScale.x
      value: 0.00050988747
      objectReference: {fileID: 0}
    - target: {fileID: -8679921383154817045, guid: 7fe8a9b240a0b0f4396727fad34b6c9b, type: 3}
      propertyPath: m_LocalScale.y
      value: 0.03699699
      objectReference: {fileID: 0}
    - target: {fileID: -8679921383154817045, guid: 7fe8a9b240a0b0f4396727fad34b6c9b, type: 3}
      propertyPath: m_LocalScale.z
      value: 0.0005744206
      objectReference: {fileID: 0}
    - target: {fileID: -8679921383154817045, guid: 7fe8a9b240a0b0f4396727fad34b6c9b, type: 3}
      propertyPath: m_LocalPosition.x
      value: 0.003962142
      objectReference: {fileID: 0}
    - target: {fileID: -8679921383154817045, guid: 7fe8a9b240a0b0f4396727fad34b6c9b, type: 3}
      propertyPath: m_LocalPosition.y
      value: -0.000598524
      objectReference: {fileID: 0}
    - target: {fileID: -8679921383154817045, guid: 7fe8a9b240a0b0f4396727fad34b6c9b, type: 3}
      propertyPath: m_LocalPosition.z
      value: -0.012218286
      objectReference: {fileID: 0}
    - target: {fileID: -8679921383154817045, guid: 7fe8a9b240a0b0f4396727fad34b6c9b, type: 3}
      propertyPath: m_LocalRotation.w
      value: 0.7071067
      objectReference: {fileID: 0}
    - target: {fileID: -8679921383154817045, guid: 7fe8a9b240a0b0f4396727fad34b6c9b, type: 3}
      propertyPath: m_LocalRotation.x
      value: 0.7071068
      objectReference: {fileID: 0}
    - target: {fileID: -8679921383154817045, guid: 7fe8a9b240a0b0f4396727fad34b6c9b, type: 3}
      propertyPath: m_LocalRotation.y
      value: -0
      objectReference: {fileID: 0}
    - target: {fileID: -8679921383154817045, guid: 7fe8a9b240a0b0f4396727fad34b6c9b, type: 3}
      propertyPath: m_LocalRotation.z
      value: 0
      objectReference: {fileID: 0}
    - target: {fileID: -8679921383154817045, guid: 7fe8a9b240a0b0f4396727fad34b6c9b, type: 3}
      propertyPath: m_LocalEulerAnglesHint.x
      value: 0
      objectReference: {fileID: 0}
    - target: {fileID: -8679921383154817045, guid: 7fe8a9b240a0b0f4396727fad34b6c9b, type: 3}
      propertyPath: m_LocalEulerAnglesHint.y
      value: 0
      objectReference: {fileID: 0}
    - target: {fileID: -8679921383154817045, guid: 7fe8a9b240a0b0f4396727fad34b6c9b, type: 3}
      propertyPath: m_LocalEulerAnglesHint.z
      value: 0
      objectReference: {fileID: 0}
    - target: {fileID: -8270587453467699682, guid: 7fe8a9b240a0b0f4396727fad34b6c9b, type: 3}
      propertyPath: m_Materials.Array.data[0]
      value: 
      objectReference: {fileID: 2100000, guid: 5be56a64c3c6c434eb746320e06a27ac, type: 2}
    - target: {fileID: -4017538329432051458, guid: 7fe8a9b240a0b0f4396727fad34b6c9b, type: 3}
      propertyPath: m_Materials.Array.data[0]
      value: 
      objectReference: {fileID: 2100000, guid: 5be56a64c3c6c434eb746320e06a27ac, type: 2}
    - target: {fileID: -2925613623662412431, guid: 7fe8a9b240a0b0f4396727fad34b6c9b, type: 3}
      propertyPath: m_Materials.Array.data[0]
      value: 
      objectReference: {fileID: 2100000, guid: 5be56a64c3c6c434eb746320e06a27ac, type: 2}
    - target: {fileID: -1064400483832117687, guid: 7fe8a9b240a0b0f4396727fad34b6c9b, type: 3}
      propertyPath: m_Materials.Array.data[0]
      value: 
      objectReference: {fileID: 2100000, guid: 5be56a64c3c6c434eb746320e06a27ac, type: 2}
    - target: {fileID: 505829063548239086, guid: 7fe8a9b240a0b0f4396727fad34b6c9b, type: 3}
      propertyPath: m_Materials.Array.data[0]
      value: 
      objectReference: {fileID: 2100000, guid: d353000128b08f043bdec7830acdb165, type: 2}
    - target: {fileID: 919132149155446097, guid: 7fe8a9b240a0b0f4396727fad34b6c9b, type: 3}
      propertyPath: m_Name
      value: ruda (2)
      objectReference: {fileID: 0}
    - target: {fileID: 7496195364316166997, guid: 7fe8a9b240a0b0f4396727fad34b6c9b, type: 3}
      propertyPath: m_Materials.Array.data[0]
      value: 
      objectReference: {fileID: 2100000, guid: 5be56a64c3c6c434eb746320e06a27ac, type: 2}
    m_RemovedComponents: []
    m_RemovedGameObjects: []
    m_AddedGameObjects: []
    m_AddedComponents:
    - targetCorrespondingSourceObject: {fileID: 919132149155446097, guid: 7fe8a9b240a0b0f4396727fad34b6c9b, type: 3}
      insertIndex: -1
      addedObject: {fileID: 8347814644218227722}
    - targetCorrespondingSourceObject: {fileID: 919132149155446097, guid: 7fe8a9b240a0b0f4396727fad34b6c9b, type: 3}
      insertIndex: -1
      addedObject: {fileID: 2224331816504144577}
  m_SourcePrefab: {fileID: 100100000, guid: 7fe8a9b240a0b0f4396727fad34b6c9b, type: 3}
--- !u!1 &6224207795338786444 stripped
GameObject:
  m_CorrespondingSourceObject: {fileID: 919132149155446097, guid: 7fe8a9b240a0b0f4396727fad34b6c9b, type: 3}
  m_PrefabInstance: {fileID: 6530709648019786717}
  m_PrefabAsset: {fileID: 0}
--- !u!65 &8347814644218227722
BoxCollider:
  m_ObjectHideFlags: 0
  m_CorrespondingSourceObject: {fileID: 0}
  m_PrefabInstance: {fileID: 0}
  m_PrefabAsset: {fileID: 0}
  m_GameObject: {fileID: 6224207795338786444}
  m_Material: {fileID: 0}
  m_IncludeLayers:
    serializedVersion: 2
    m_Bits: 0
  m_ExcludeLayers:
    serializedVersion: 2
    m_Bits: 0
  m_LayerOverridePriority: 0
  m_IsTrigger: 0
  m_ProvidesContacts: 0
  m_Enabled: 1
  serializedVersion: 3
  m_Size: {x: 5.61, y: 3.43, z: 4.82}
  m_Center: {x: 0, y: 1.82, z: 0}
--- !u!114 &2224331816504144577
MonoBehaviour:
  m_ObjectHideFlags: 0
  m_CorrespondingSourceObject: {fileID: 0}
  m_PrefabInstance: {fileID: 0}
  m_PrefabAsset: {fileID: 0}
  m_GameObject: {fileID: 6224207795338786444}
  m_Enabled: 1
  m_EditorHideFlags: 0
  m_Script: {fileID: 11500000, guid: e7ad0021310ade14a89c8687a1431885, type: 3}
  m_Name: 
  m_EditorClassIdentifier: 
  metal: {fileID: 8073914905887189920, guid: ca45c85620dd83a4f8dd747e2b0e7327, type: 3}
--- !u!4 &6713464821940153398 stripped
Transform:
  m_CorrespondingSourceObject: {fileID: -8679921383154817045, guid: 7fe8a9b240a0b0f4396727fad34b6c9b, type: 3}
  m_PrefabInstance: {fileID: 6530709648019786717}
  m_PrefabAsset: {fileID: 0}
--- !u!1001 &6829978826553232518
PrefabInstance:
  m_ObjectHideFlags: 0
  serializedVersion: 2
  m_Modification:
    serializedVersion: 3
    m_TransformParent: {fileID: 4733636295982596799}
    m_Modifications:
    - target: {fileID: -8679921383154817045, guid: 7fe8a9b240a0b0f4396727fad34b6c9b, type: 3}
      propertyPath: m_LocalScale.x
      value: 0.00050988747
      objectReference: {fileID: 0}
    - target: {fileID: -8679921383154817045, guid: 7fe8a9b240a0b0f4396727fad34b6c9b, type: 3}
      propertyPath: m_LocalScale.y
      value: 0.03699699
      objectReference: {fileID: 0}
    - target: {fileID: -8679921383154817045, guid: 7fe8a9b240a0b0f4396727fad34b6c9b, type: 3}
      propertyPath: m_LocalScale.z
      value: 0.0005744206
      objectReference: {fileID: 0}
    - target: {fileID: -8679921383154817045, guid: 7fe8a9b240a0b0f4396727fad34b6c9b, type: 3}
      propertyPath: m_LocalPosition.x
      value: -0.0041753873
      objectReference: {fileID: 0}
    - target: {fileID: -8679921383154817045, guid: 7fe8a9b240a0b0f4396727fad34b6c9b, type: 3}
      propertyPath: m_LocalPosition.y
      value: 0.0023941624
      objectReference: {fileID: 0}
    - target: {fileID: -8679921383154817045, guid: 7fe8a9b240a0b0f4396727fad34b6c9b, type: 3}
      propertyPath: m_LocalPosition.z
      value: -0.012218265
      objectReference: {fileID: 0}
    - target: {fileID: -8679921383154817045, guid: 7fe8a9b240a0b0f4396727fad34b6c9b, type: 3}
      propertyPath: m_LocalRotation.w
      value: 0.7071067
      objectReference: {fileID: 0}
    - target: {fileID: -8679921383154817045, guid: 7fe8a9b240a0b0f4396727fad34b6c9b, type: 3}
      propertyPath: m_LocalRotation.x
      value: 0.7071068
      objectReference: {fileID: 0}
    - target: {fileID: -8679921383154817045, guid: 7fe8a9b240a0b0f4396727fad34b6c9b, type: 3}
      propertyPath: m_LocalRotation.y
      value: -0
      objectReference: {fileID: 0}
    - target: {fileID: -8679921383154817045, guid: 7fe8a9b240a0b0f4396727fad34b6c9b, type: 3}
      propertyPath: m_LocalRotation.z
      value: 0
      objectReference: {fileID: 0}
    - target: {fileID: -8679921383154817045, guid: 7fe8a9b240a0b0f4396727fad34b6c9b, type: 3}
      propertyPath: m_LocalEulerAnglesHint.x
      value: 0
      objectReference: {fileID: 0}
    - target: {fileID: -8679921383154817045, guid: 7fe8a9b240a0b0f4396727fad34b6c9b, type: 3}
      propertyPath: m_LocalEulerAnglesHint.y
      value: 0
      objectReference: {fileID: 0}
    - target: {fileID: -8679921383154817045, guid: 7fe8a9b240a0b0f4396727fad34b6c9b, type: 3}
      propertyPath: m_LocalEulerAnglesHint.z
      value: 0
      objectReference: {fileID: 0}
    - target: {fileID: -8270587453467699682, guid: 7fe8a9b240a0b0f4396727fad34b6c9b, type: 3}
      propertyPath: m_Materials.Array.data[0]
      value: 
      objectReference: {fileID: 2100000, guid: 5be56a64c3c6c434eb746320e06a27ac, type: 2}
    - target: {fileID: -4017538329432051458, guid: 7fe8a9b240a0b0f4396727fad34b6c9b, type: 3}
      propertyPath: m_Materials.Array.data[0]
      value: 
      objectReference: {fileID: 2100000, guid: 5be56a64c3c6c434eb746320e06a27ac, type: 2}
    - target: {fileID: -2925613623662412431, guid: 7fe8a9b240a0b0f4396727fad34b6c9b, type: 3}
      propertyPath: m_Materials.Array.data[0]
      value: 
      objectReference: {fileID: 2100000, guid: 5be56a64c3c6c434eb746320e06a27ac, type: 2}
    - target: {fileID: -1064400483832117687, guid: 7fe8a9b240a0b0f4396727fad34b6c9b, type: 3}
      propertyPath: m_Materials.Array.data[0]
      value: 
      objectReference: {fileID: 2100000, guid: 5be56a64c3c6c434eb746320e06a27ac, type: 2}
    - target: {fileID: 505829063548239086, guid: 7fe8a9b240a0b0f4396727fad34b6c9b, type: 3}
      propertyPath: m_Materials.Array.data[0]
      value: 
      objectReference: {fileID: 2100000, guid: d353000128b08f043bdec7830acdb165, type: 2}
    - target: {fileID: 919132149155446097, guid: 7fe8a9b240a0b0f4396727fad34b6c9b, type: 3}
      propertyPath: m_Name
      value: ruda (1)
      objectReference: {fileID: 0}
    - target: {fileID: 7496195364316166997, guid: 7fe8a9b240a0b0f4396727fad34b6c9b, type: 3}
      propertyPath: m_Materials.Array.data[0]
      value: 
      objectReference: {fileID: 2100000, guid: 5be56a64c3c6c434eb746320e06a27ac, type: 2}
    m_RemovedComponents: []
    m_RemovedGameObjects: []
    m_AddedGameObjects: []
    m_AddedComponents:
    - targetCorrespondingSourceObject: {fileID: 919132149155446097, guid: 7fe8a9b240a0b0f4396727fad34b6c9b, type: 3}
      insertIndex: -1
      addedObject: {fileID: 7052940665274525024}
    - targetCorrespondingSourceObject: {fileID: 919132149155446097, guid: 7fe8a9b240a0b0f4396727fad34b6c9b, type: 3}
      insertIndex: -1
      addedObject: {fileID: 4584776273091119980}
  m_SourcePrefab: {fileID: 100100000, guid: 7fe8a9b240a0b0f4396727fad34b6c9b, type: 3}
--- !u!1 &5911427920691737047 stripped
GameObject:
  m_CorrespondingSourceObject: {fileID: 919132149155446097, guid: 7fe8a9b240a0b0f4396727fad34b6c9b, type: 3}
  m_PrefabInstance: {fileID: 6829978826553232518}
  m_PrefabAsset: {fileID: 0}
--- !u!65 &7052940665274525024
BoxCollider:
  m_ObjectHideFlags: 0
  m_CorrespondingSourceObject: {fileID: 0}
  m_PrefabInstance: {fileID: 0}
  m_PrefabAsset: {fileID: 0}
  m_GameObject: {fileID: 5911427920691737047}
  m_Material: {fileID: 0}
  m_IncludeLayers:
    serializedVersion: 2
    m_Bits: 0
  m_ExcludeLayers:
    serializedVersion: 2
    m_Bits: 0
  m_LayerOverridePriority: 0
  m_IsTrigger: 0
  m_ProvidesContacts: 0
  m_Enabled: 1
  serializedVersion: 3
  m_Size: {x: 5.61, y: 3.43, z: 4.82}
  m_Center: {x: 0, y: 1.82, z: 0}
--- !u!114 &4584776273091119980
MonoBehaviour:
  m_ObjectHideFlags: 0
  m_CorrespondingSourceObject: {fileID: 0}
  m_PrefabInstance: {fileID: 0}
  m_PrefabAsset: {fileID: 0}
  m_GameObject: {fileID: 5911427920691737047}
  m_Enabled: 1
  m_EditorHideFlags: 0
  m_Script: {fileID: 11500000, guid: e7ad0021310ade14a89c8687a1431885, type: 3}
  m_Name: 
  m_EditorClassIdentifier: 
  metal: {fileID: 8073914905887189920, guid: ca45c85620dd83a4f8dd747e2b0e7327, type: 3}
--- !u!4 &6431787825113885549 stripped
Transform:
  m_CorrespondingSourceObject: {fileID: -8679921383154817045, guid: 7fe8a9b240a0b0f4396727fad34b6c9b, type: 3}
  m_PrefabInstance: {fileID: 6829978826553232518}
  m_PrefabAsset: {fileID: 0}
